@article{azad2024,
  title = {Medical {{Image Segmentation Review}}: {{The Success}} of {{U-Net}}},
  author = {Azad, Reza and Aghdam, Ehsan Khodapanah and Rauland, Amelie and Jia, Yiwei and Avval, Atlas Haddadi and Bozorgpour, Afshin and Karimijafarbigloo, Sanaz and Cohen, Joseph Paul and Adeli, Ehsan and Merhof, Dorit},
  year = {2024},
  journal = {IEEE Transactions on Pattern Analysis and Machine Intelligence},
  volume = {46},
  number = {12},
  pages = {10076--10095}
}

@article{buchner2023,
  title = {What {{MRI Sequences}} Are {{Necessary}} for {{Automated Neural Network-Based Metastasis Segmentation}} {\texthorizontalbar} {{An Ablation Study}}},
  author = {Buchner, J.A. and Kofler, F. and Mayinger, M.C. and Brunner, T.B. and Wittig, A. and Menze, B. and Zimmer, C. and Meyer, B. and Guckenberger, M. and Andratschke, N. and Shafie, R. El and Rogers, S. and Schulze, K. and Blanck, O. and Zamboglou, C. and Grosu, A. and Combs, S.E. and Bernhardt, D. and Wiestler, B. and Peeken, J.C.},
  year = {2023},
  journal = {International Journal of Radiation Oncology*Biology*Physics},
  volume = {117},
  number = {2},
  pages = {e704-e705}
}

@misc{cao2021,
  title = {Swin-{{Unet}}: {{Unet-like Pure Transformer}} for {{Medical Image Segmentation}}},
  author = {Cao, Hu and Wang, Yueyue and Chen, Joy and Jiang, Dongsheng and Zhang, Xiaopeng and Tian, Qi and Wang, Manning},
  year = {2021},
  number = {arXiv:2105.05537},
  eprint = {2105.05537},
  primaryclass = {eess},
  publisher = {arXiv},
  archiveprefix = {arXiv},
  keywords = {Computer Science - Computer Vision and Pattern Recognition,Electrical Engineering and Systems Science - Image and Video Processing}
}

@misc{chen2021,
  title = {{{TransUNet}}: {{Transformers Make Strong Encoders}} for {{Medical Image Segmentation}}},
  author = {Chen, Jieneng and Lu, Yongyi and Yu, Qihang and Luo, Xiangde and Adeli, Ehsan and Wang, Yan and Lu, Le and Yuille, Alan L. and Zhou, Yuyin},
  year = {2021},
  number = {arXiv:2102.04306},
  eprint = {2102.04306},
  primaryclass = {cs},
  publisher = {arXiv},
  archiveprefix = {arXiv},
  keywords = {Computer Science - Computer Vision and Pattern Recognition}
}

@article{CuiKe2024a,
  title = {{基于U-Net变体的医学图像分割算法综述}},
  author = {{崔珂} and {田启川} and {廉露}},
  year = {2024},
  journal = {计算机工程与应用},
  volume = {60},
  number = {11},
  pages = {32--49},
  keywords = {,U-Net}
}

@misc{dumoulin2018,
  title = {A Guide to Convolution Arithmetic for Deep Learning},
  author = {Dumoulin, Vincent and Visin, Francesco},
  year = {2018},
  number = {arXiv:1603.07285},
  eprint = {1603.07285},
  primaryclass = {stat},
  publisher = {arXiv},
  archiveprefix = {arXiv},
  keywords = {Computer Science - Machine Learning,Computer Science - Neural and Evolutionary Computing,Statistics - Machine Learning}
}

@misc{fan2020,
  title = {{{PraNet}}: {{Parallel Reverse Attention Network}} for {{Polyp Segmentation}}},
  author = {Fan, Deng-Ping and Ji, Ge-Peng and Zhou, Tao and Chen, Geng and Fu, Huazhu and Shen, Jianbing and Shao, Ling},
  year = {2020},
  number = {arXiv:2006.11392},
  eprint = {2006.11392},
  primaryclass = {eess},
  publisher = {arXiv},
  archiveprefix = {arXiv},
  keywords = {Computer Science - Computer Vision and Pattern Recognition,Electrical Engineering and Systems Science - Image and Video Processing}
}

@article{gu2019,
  title = {{{CE-Net}}: {{Context Encoder Network}} for {{2D Medical Image Segmentation}}},
  author = {Gu, Zaiwang and Cheng, Jun and Fu, Huazhu and Zhou, Kang and Hao, Huaying and Zhao, Yitian and Zhang, Tianyang and Gao, Shenghua and Liu, Jiang},
  year = {2019},
  journal = {IEEE Transactions on Medical Imaging},
  volume = {38},
  number = {10},
  eprint = {1903.02740},
  primaryclass = {cs},
  pages = {2281--2292},
  archiveprefix = {arXiv},
  keywords = {Computer Science - Computer Vision and Pattern Recognition}
}

@misc{hatamizadeh2021,
  title = {{{UNETR}}: {{Transformers}} for {{3D Medical Image Segmentation}}},
  author = {Hatamizadeh, Ali and Tang, Yucheng and Nath, Vishwesh and Yang, Dong and Myronenko, Andriy and Landman, Bennett and Roth, Holger and Xu, Daguang},
  year = {2021},
  number = {arXiv:2103.10504},
  eprint = {2103.10504},
  primaryclass = {eess},
  publisher = {arXiv},
  archiveprefix = {arXiv},
  keywords = {Computer Science - Computer Vision and Pattern Recognition,Computer Science - Machine Learning,Electrical Engineering and Systems Science - Image and Video Processing}
}

@misc{hatamizadeh2022,
  title = {Swin {{UNETR}}: {{Swin Transformers}} for {{Semantic Segmentation}} of {{Brain Tumors}} in {{MRI Images}}},
  author = {Hatamizadeh, Ali and Nath, Vishwesh and Tang, Yucheng and Yang, Dong and Roth, Holger and Xu, Daguang},
  year = {2022},
  number = {arXiv:2201.01266},
  eprint = {2201.01266},
  primaryclass = {eess},
  publisher = {arXiv},
  archiveprefix = {arXiv},
  keywords = {Computer Science - Computer Vision and Pattern Recognition,Computer Science - Machine Learning,Electrical Engineering and Systems Science - Image and Video Processing}
}

@misc{he2015,
  title = {Deep {{Residual Learning}} for {{Image Recognition}}},
  author = {He, Kaiming and Zhang, Xiangyu and Ren, Shaoqing and Sun, Jian},
  year = {2015},
  number = {arXiv:1512.03385},
  eprint = {1512.03385},
  primaryclass = {cs},
  publisher = {arXiv},
  archiveprefix = {arXiv},
  keywords = {Computer Science - Computer Vision and Pattern Recognition}
}

@inproceedings{huang2020,
  title = {{{UNet}} 3+: {{A Full-Scale Connected UNet}} for {{Medical Image Segmentation}}},
  booktitle = {{{ICASSP}} 2020 - 2020 {{IEEE International Conference}} on {{Acoustics}}, {{Speech}} and {{Signal Processing}} ({{ICASSP}})},
  author = {Huang, Huimin and Lin, Lanfen and Tong, Ruofeng and Hu, Hongjie and Zhang, Qiaowei and Iwamoto, Yutaro and Han, Xianhua and Chen, Yen-Wei and Wu, Jian},
  year = {2020},
  pages = {1055--1059},
  publisher = {IEEE},
  address = {Barcelona, Spain},
  isbn = {978-1-5090-6631-5}
}

@article{HuangXiaoMing2022a,
  title = {{U-Net及其变体在医学图像分割中的应用研究综述}},
  author = {{黄晓鸣} and {何富运} and {唐晓虎} and {王勋} and {丘森辉} and {胡聪}},
  year = {2022},
  journal = {中国生物医学工程学报},
  volume = {41},
  number = {5},
  pages = {567--576},
  keywords = {,U-Net}
}

@article{isensee2021,
  title = {Automated {{Design}} of {{Deep Learning Methods}} for {{Biomedical Image Segmentation}}},
  author = {Isensee, Fabian and J{\"a}ger, Paul F. and Kohl, Simon A. A. and Petersen, Jens and {Maier-Hein}, Klaus H.},
  year = {2021},
  journal = {Nature Methods},
  volume = {18},
  number = {2},
  eprint = {1904.08128},
  primaryclass = {cs},
  pages = {203--211},
  archiveprefix = {arXiv},
  keywords = {Computer Science - Computer Vision and Pattern Recognition}
}

@misc{jha2019,
  title = {{{ResUNet}}++: {{An Advanced Architecture}} for {{Medical Image Segmentation}}},
  author = {Jha, Debesh and Smedsrud, Pia H. and Riegler, Michael A. and Johansen, Dag and de Lange, Thomas and Halvorsen, Pal and Johansen, Havard D.},
  year = {2019},
  number = {arXiv:1911.07067},
  eprint = {1911.07067},
  primaryclass = {eess},
  publisher = {arXiv},
  archiveprefix = {arXiv},
  keywords = {Computer Science - Computer Vision and Pattern Recognition,Electrical Engineering and Systems Science - Image and Video Processing}
}

@article{kervadec2021,
  title = {Boundary Loss for Highly Unbalanced Segmentation},
  author = {Kervadec, Hoel and Bouchtiba, Jihene and Desrosiers, Christian and Granger, Eric and Dolz, Jose and Ayed, Ismail Ben},
  year = {2021},
  journal = {Medical Image Analysis},
  volume = {67},
  eprint = {1812.07032},
  primaryclass = {eess},
  pages = {101851},
  archiveprefix = {arXiv},
  keywords = {Computer Science - Computer Vision and Pattern Recognition,Electrical Engineering and Systems Science - Image and Video Processing}
}

@article{krithikaaliasanbudevi2022,
  title = {Review of {{Semantic Segmentation}} of {{Medical Images Using Modified Architectures}} of {{UNET}}},
  author = {Krithika Alias AnbuDevi, M. and Suganthi, K.},
  year = {2022},
  journal = {Diagnostics},
  volume = {12},
  number = {12},
  pages = {3064}
}

@misc{li2018,
  title = {H-{{DenseUNet}}: {{Hybrid Densely Connected UNet}} for {{Liver}} and {{Tumor Segmentation}} from {{CT Volumes}}},
  author = {Li, Xiaomeng and Chen, Hao and Qi, Xiaojuan and Dou, Qi and Fu, Chi-Wing and Heng, Pheng Ann},
  year = {2018},
  number = {arXiv:1709.07330},
  eprint = {1709.07330},
  primaryclass = {cs},
  publisher = {arXiv},
  archiveprefix = {arXiv},
  keywords = {Computer Science - Computer Vision and Pattern Recognition}
}

@article{liu2021,
  title = {A {{Review}} of {{Deep-Learning-Based Medical Image Segmentation Methods}}},
  author = {Liu, Xiangbin and Song, Liping and Liu, Shuai and Zhang, Yudong},
  year = {2021},
  journal = {Sustainability},
  volume = {13},
  number = {3},
  pages = {1224}
}

@misc{milletari2016,
  title = {V-{{Net}}: {{Fully Convolutional Neural Networks}} for {{Volumetric Medical Image Segmentation}}},
  author = {Milletari, Fausto and Navab, Nassir and Ahmadi, Seyed-Ahmad},
  year = {2016},
  number = {arXiv:1606.04797},
  eprint = {1606.04797},
  primaryclass = {cs},
  publisher = {arXiv},
  archiveprefix = {arXiv},
  keywords = {Computer Science - Computer Vision and Pattern Recognition}
}

@misc{oktay2018,
  title = {Attention {{U-Net}}: {{Learning Where}} to {{Look}} for the {{Pancreas}}},
  author = {Oktay, Ozan and Schlemper, Jo and Folgoc, Loic Le and Lee, Matthew and Heinrich, Mattias and Misawa, Kazunari and Mori, Kensaku and McDonagh, Steven and Hammerla, Nils Y. and Kainz, Bernhard and Glocker, Ben and Rueckert, Daniel},
  year = {2018},
  number = {arXiv:1804.03999},
  eprint = {1804.03999},
  primaryclass = {cs},
  publisher = {arXiv},
  archiveprefix = {arXiv},
  keywords = {Computer Science - Computer Vision and Pattern Recognition}
}

@article{pereira2016,
  title = {Brain {{Tumor Segmentation Using Convolutional Neural Networks}} in {{MRI Images}}},
  author = {Pereira, Sergio and Pinto, Adriano and Alves, Victor and Silva, Carlos A.},
  year = {2016},
  journal = {IEEE Transactions on Medical Imaging},
  volume = {35},
  number = {5},
  pages = {1240--1251}
}

@inproceedings{ren2024,
  title = {{{UNet}} and {{Transformers}}: {{Deep Learning Based Methods}} for {{Medical Image Segmentation}}:},
  booktitle = {Proceedings of the 1st {{International Conference}} on {{Data Science}} and {{Engineering}}},
  author = {Ren, Zhirui},
  year = {2024},
  pages = {547--551},
  publisher = {{SCITEPRESS - Science and Technology Publications}},
  address = {Singapore, Singapore},
  isbn = {978-989-758-690-3}
}

@incollection{ronneberger2015,
  title = {U-{{Net}}: {{Convolutional Networks}} for {{Biomedical Image Segmentation}}},
  booktitle = {Medical {{Image Computing}} and {{Computer-Assisted Intervention}} -- {{MICCAI}} 2015},
  author = {Ronneberger, Olaf and Fischer, Philipp and Brox, Thomas},
  editor = {Navab, Nassir and Hornegger, Joachim and Wells, William M. and Frangi, Alejandro F.},
  year = {2015},
  volume = {9351},
  pages = {234--241},
  publisher = {Springer International Publishing},
  address = {Cham},
  isbn = {978-3-319-24573-7 978-3-319-24574-4}
}

@misc{shelhamer2016,
  title = {Fully {{Convolutional Networks}} for {{Semantic Segmentation}}},
  author = {Shelhamer, Evan and Long, Jonathan and Darrell, Trevor},
  year = {2016},
  number = {arXiv:1605.06211},
  eprint = {1605.06211},
  primaryclass = {cs},
  publisher = {arXiv},
  archiveprefix = {arXiv},
  keywords = {Computer Science - Computer Vision and Pattern Recognition}
}

@misc{valanarasu2022,
  title = {{{UNeXt}}: {{MLP-based Rapid Medical Image Segmentation Network}}},
  author = {Valanarasu, Jeya Maria Jose and Patel, Vishal M.},
  year = {2022},
  number = {arXiv:2203.04967},
  eprint = {2203.04967},
  primaryclass = {eess},
  publisher = {arXiv},
  archiveprefix = {arXiv},
  keywords = {Computer Science - Computer Vision and Pattern Recognition,Electrical Engineering and Systems Science - Image and Video Processing}
}

@article{wang2022,
  title = {Medical {{Image Segmentation Using Deep Learning}}: {{A Survey}}},
  author = {Wang, Risheng and Lei, Tao and Cui, Ruixia and Zhang, Bingtao and Meng, Hongying and Nandi, Asoke K.},
  year = {2022},
  journal = {IET Image Processing},
  volume = {16},
  number = {5},
  eprint = {2009.13120},
  primaryclass = {eess},
  pages = {1243--1267},
  archiveprefix = {arXiv},
  keywords = {Computer Science - Computer Vision and Pattern Recognition,Electrical Engineering and Systems Science - Image and Video Processing}
}

@inproceedings{wang2023,
  title = {Architectures and {{Applications}} of {{U-net}} in {{Medical Image Segmentation}}: {{A Review}}},
  booktitle = {2023 9th {{International Symposium}} on {{System Security}}, {{Safety}}, and {{Reliability}} ({{ISSSR}})},
  author = {Wang, Jundi and Han, Lei and Ran, Dongsheng},
  year = {2023},
  pages = {84--94},
  publisher = {IEEE},
  address = {Hangzhou, China},
  isbn = {979-8-3503-0247-9}
}

@article{xiao2023,
  title = {Transformers in Medical Image Segmentation: {{A}} Review},
  author = {Xiao, Hanguang and Li, Li and Liu, Qiyuan and Zhu, Xiuhong and Zhang, Qihang},
  year = {2023},
  journal = {Biomedical Signal Processing and Control},
  volume = {84},
  pages = {104791}
}

@article{xu2024,
  title = {Advances in {{Medical Image Segmentation}}: {{A Comprehensive Review}} of {{Traditional}}, {{Deep Learning}} and {{Hybrid Approaches}}},
  author = {Xu, Yan and Quan, Rixiang and Xu, Weiting and Huang, Yi and Chen, Xiaolong and Liu, Fengyuan},
  year = {2024},
  journal = {Bioengineering},
  volume = {11},
  number = {10},
  pages = {1034}
}

@article{yin2022,
  title = {U-{{Net-Based Medical Image Segmentation}}},
  author = {Yin, Xiao-Xia and Sun, Le and Fu, Yuhan and Lu, Ruiliang and Zhang, Yanchun},
  editor = {Che, Hangjun},
  year = {2022},
  journal = {Journal of Healthcare Engineering},
  volume = {2022},
  pages = {1--16}
}

@article{ZhangHuan2022b,
  title = {{U-Net模型改进及其在医学图像分割上的研究综述}},
  author = {{张欢} and {仇大伟} and {冯毅博} and {刘静}},
  year = {2022},
  journal = {激光与光电子学进展},
  volume = {59},
  number = {2},
  pages = {1--17},
  keywords = {,U-Net}
}

@article{ZhangWeiZhi2024a,
  title = {{从U-Net到Transformer：深度模型在医学图像分割中的应用综述}},
  author = {{张玮智} and {于谦} and {苏金善} and {乎西旦{$\cdot$}居马洪} and {林玲}},
  year = {2024},
  journal = {计算机应用},
  volume = {44},
  number = {S1},
  pages = {204--222},
  keywords = {,Transformer,U-Net}
}

@misc{zhou2018,
  title = {{{UNet}}++: {{A Nested U-Net Architecture}} for {{Medical Image Segmentation}}},
  author = {Zhou, Zongwei and Siddiquee, Md Mahfuzur Rahman and Tajbakhsh, Nima and Liang, Jianming},
  year = {2018},
  number = {arXiv:1807.10165},
  eprint = {1807.10165},
  primaryclass = {cs},
  publisher = {arXiv},
  archiveprefix = {arXiv},
  keywords = {Computer Science - Computer Vision and Pattern Recognition,Computer Science - Machine Learning,Electrical Engineering and Systems Science - Image and Video Processing,Statistics - Machine Learning}
}

@misc{zhou2020,
  title = {{{UNet}}++: {{Redesigning Skip Connections}} to {{Exploit Multiscale Features}} in {{Image Segmentation}}},
  author = {Zhou, Zongwei and Siddiquee, Md Mahfuzur Rahman and Tajbakhsh, Nima and Liang, Jianming},
  year = {2020},
  number = {arXiv:1912.05074},
  eprint = {1912.05074},
  primaryclass = {eess},
  publisher = {arXiv},
  archiveprefix = {arXiv},
  keywords = {Computer Science - Computer Vision and Pattern Recognition,Computer Science - Machine Learning,Electrical Engineering and Systems Science - Image and Video Processing}
}

@article{ZhouTao2021a,
  title = {{U-Net网络医学图像分割应用综述}},
  author = {{周涛} and {董雅丽} and {霍兵强} and {刘珊} and {马宗军}},
  year = {2021},
  journal = {中国图象图形学报},
  volume = {26},
  number = {9},
  pages = {2058--2077},
  keywords = {,U-Net}
}

@article{panayides2020,
  title = {{{AI}} in {{Medical Imaging Informatics}}: {{Current Challenges}} and {{Future Directions}}},
  author = {Panayides, Andreas S. and Amini, Amir and Filipovic, Nenad D. and Sharma, Ashish and Tsaftaris, Sotirios A. and Young, Alistair and Foran, David and Do, Nhan and Golemati, Spyretta and Kurc, Tahsin and Huang, Kun and Nikita, Konstantina S. and Veasey, Ben P. and Zervakis, Michalis and Saltz, Joel H. and Pattichis, Constantinos S.},
  date = {2020-07},
  journaltitle = {IEEE Journal of Biomedical and Health Informatics},
  shortjournal = {IEEE J. Biomed. Health Inform.},
  volume = {24},
  number = {7},
  pages = {1837--1857},
  url = {https://ieeexplore.ieee.org/document/9103969/}
}

@article{mohdsagheer2020,
  title = {A Review on Medical Image Denoising Algorithms},
  author = {Mohd Sagheer, Sameera V. and George, Sudhish N.},
  date = {2020-08},
  journaltitle = {Biomedical Signal Processing and Control},
  shortjournal = {Biomedical Signal Processing and Control},
  volume = {61},
  pages = {102036},
  url = {https://linkinghub.elsevier.com/retrieve/pii/S1746809420301920}
}
